@misc{bank2020autoencoders,
	title={Autoencoders}, 
	author={Dor Bank and Noam Koenigstein and Raja Giryes},
	year={2020},
	eprint={2003.05991},
	archivePrefix={arXiv},
	primaryClass={cs.LG}
}

@inproceedings{NIPS2015_86df7dcf,
 author = {Sculley, D. and Holt, Gary and Golovin, Daniel and Davydov, Eugene and Phillips, Todd and Ebner, Dietmar and Chaudhary, Vinay and Young, Michael and Crespo, Jean-Fran\c{c}ois and Dennison, Dan},
 booktitle = {Advances in Neural Information Processing Systems},
 editor = {C. Cortes and N. Lawrence and D. Lee and M. Sugiyama and R. Garnett},
 pages = {2503--2511},
 publisher = {Curran Associates, Inc.},
 title = {Hidden Technical Debt in Machine Learning Systems},
 url = {https://proceedings.neurips.cc/paper/2015/file/86df7dcfd896fcaf2674f757a2463eba-Paper.pdf},
 volume = {28},
 year = {2015}
}

@misc{gonzalez2021tackling,
      title={Tackling the muon identification in water Cherenkov detectors problem for the future Southern Wide-field Gamma-ray Observatory by means of Machine Learning}, 
      author={B. S. González and R. Conceição and M. Pimenta and B. Tomé and A. Guillén},
      year={2021},
      eprint={2101.11924},
      archivePrefix={arXiv},
      primaryClass={physics.ins-det}
}

@misc{pipenv,
	title={Pipenv: Python Dev Workflow for Humans},
	author={Python Packaging Authority},
	howpublished={\url{https://pipenv.pypa.io/en/latest}}
}

@misc{poetry,
	title={Poetry},
	author={Python-poetry},
	howpublished={\url{https://python-poetry.org/}}
}

@misc{poethepoet,
	title={Poethepoet},
	author={natn},
	howpublished={\url{https://github.com/nat-n/poethepoet}}
}

@misc{cicd,
	title="What is {CI/CD}´?",
	author={RedHat},
	howpublished={\url{https://www.redhat.com/en/topics/devops/what-is-ci-cd}}
}

@misc{snapperml,
	title="{S}napper{ML}",
	author={Antonio Molner Domenech y Alberto Guillén},
	howpublished={\url{https://pypi.org/project/snapper-ml/}}
}

@misc{terraform,
	title={Terraform},
	author={HashiCorp},
	howpublished={\url{https://www.terraform.io/}}
}

@misc{pulumi,
	title={Pulumi},
	author={Pulumi},
	howpublished={\url{https://www.pulumi.com/}}
}

@misc{containers,
	title={Containers},
	author={RedHat},
	howpublished={\url{https://www.redhat.com/en/topics/containers}}
}

@misc{docker,
	title={Docker},
	author={Docker},
	howpublished={\url{https://www.docker.com/}}
}

@misc{podman,
	title={Podman},
	author={RedHat},
	howpublished={\url{https://podman.io/}}
}

@misc{ng,
	title="{CS294A} {L}ecture notes - {S}parse {A}utoencoder",
	author={Andrew Ng},
	published={Standford University}
}

@article{DBLP:journals/corr/IoffeS15,
  author    = {Sergey Ioffe and
               Christian Szegedy},
  title     = {Batch Normalization: Accelerating Deep Network Training by Reducing
               Internal Covariate Shift},
  journal   = {CoRR},
  volume    = {abs/1502.03167},
  year      = {2015},
  url       = {http://arxiv.org/abs/1502.03167},
  archivePrefix = {arXiv},
  eprint    = {1502.03167},
  timestamp = {Mon, 13 Aug 2018 16:47:06 +0200},
  biburl    = {https://dblp.org/rec/journals/corr/IoffeS15.bib},
  bibsource = {dblp computer science bibliography, https://dblp.org}
}

@misc{kingma2017adam,
      title={Adam: A Method for Stochastic Optimization}, 
      author={Diederik P. Kingma and Jimmy Ba},
      year={2017},
      eprint={1412.6980},
      archivePrefix={arXiv},
      primaryClass={cs.LG}
}

@misc{vae,
      title={Variational AutoEncoder}, 
      author={Fernando Sancho Caparrini},
      year={2020},
      howpublished={\url{http://www.cs.us.es/~fsancho/?e=232}}
}

@misc{kingma2014autoencoding,
      title={Auto-Encoding Variational Bayes}, 
      author={Diederik P Kingma and Max Welling},
      year={2014},
      eprint={1312.6114},
      archivePrefix={arXiv},
      primaryClass={stat.ML}
}

@article{weng2018VAE,
  title   = "From Autoencoder to Beta-VAE",
  author  = "Weng, Lilian",
  journal = "lilianweng.github.io/lil-log",
  year    = "2018",
  url     = "http://lilianweng.github.io/lil-log/2018/08/12/from-autoencoder-to-beta-vae.html"
}

@article{DBLP:journals/corr/RonnebergerFB15,
  author    = {Olaf Ronneberger and
               Philipp Fischer and
               Thomas Brox},
  title     = {U-Net: Convolutional Networks for Biomedical Image Segmentation},
  journal   = {CoRR},
  volume    = {abs/1505.04597},
  year      = {2015},
  url       = {http://arxiv.org/abs/1505.04597},
  archivePrefix = {arXiv},
  eprint    = {1505.04597},
  timestamp = {Mon, 13 Aug 2018 16:46:52 +0200},
  biburl    = {https://dblp.org/rec/journals/corr/RonnebergerFB15.bib},
  bibsource = {dblp computer science bibliography, https://dblp.org}
}

@misc{resnetblocks,
      title="7.6. Residual Networks (ResNet)", 
      author={Dive Into Deep Learning},
      howpublished={\url{https://d2l.ai/chapter_convolutional-modern/resnet.html}}
}

@misc{kanban,
      title="Qué es Kanban: Definición, Características y Ventajas", 
      author={Kanbanize},
      howpublished={\url{https://kanbanize.com/es/recursos-de-kanban/primeros-pasos/que-es-kanban}}
}

@misc{issues,
      title="GitHub Issues de este proyecto", 
      author={Manuel Jesús Núñez Ruiz},
      howpublished={\url{https://github.com/ManuelJNunez/TFG/issues}}
}

@misc{mykanban,
      title="Kanban de este proyecto", 
      author={Manuel Jesús Núñez Ruiz},
      howpublished={\url{https://github.com/ManuelJNunez/TFG/projects/1}}
}

@misc{whymlops,
	title="Why {MLO}ps?",
	author={Arnab Bose and Aditya Aggarwal},
	howpublished={\url{https://www.kdnuggets.com/2020/12/mlops-why-required-what-is.html}}
}

@misc{devops,
	title="¿{Q}ué es {D}ev{O}ps?",
	author={Microsoft Azure},
	howpublished={\url{https://azure.microsoft.com/es-es/overview/what-is-devops/}}
}

@misc{etcd,
	title="A distributed, reliable key-value store for the most critical data of a distributed system",
	author={etcd},
	howpublished={\url{https://etcd.io/}}
}

@misc{taskipy,
	title="taskipy",
	author={roysom},
	howpublished={\url{https://pypi.org/project/taskipy/}}
}

@misc{podmanvsdocker,
	title="¿{Q}ué es {P}odman? ¿{E}l sucesor de {D}ocker?",
	author={Rafael Ameijeiras},
	howpublished={\url{https://pandorafms.com/blog/es/que-es-podman/}}
}

@misc{mlcoursera,
	title="{M}achine {Learning}",
	author={Andrew Ng},
	howpublished={\url{https://www.coursera.org/learn/machine-learning}}
}

@misc{codacy,
	title="Codacy",
	howpublished={\url{https://www.codacy.com/}}
}

@misc{codeclimate,
	title="{C}ode {C}limate",
	howpublished={\url{https://www.codeclimate.com/}}
}

@article{DBLP:journals/corr/HeZRS15,
  author    = {Kaiming He and
               Xiangyu Zhang and
               Shaoqing Ren and
               Jian Sun},
  title     = {Deep Residual Learning for Image Recognition},
  journal   = {CoRR},
  volume    = {abs/1512.03385},
  year      = {2015},
  url       = {http://arxiv.org/abs/1512.03385},
  archivePrefix = {arXiv},
  eprint    = {1512.03385},
  timestamp = {Wed, 17 Apr 2019 17:23:45 +0200},
  biburl    = {https://dblp.org/rec/journals/corr/HeZRS15.bib},
  bibsource = {dblp computer science bibliography, https://dblp.org}
}

@INPROCEEDINGS{Lecun98gradient-basedlearning,
    author = {Yann Lecun and Léon Bottou and Yoshua Bengio and Patrick Haffner},
    title = {Gradient-Based Learning Applied to Document Recognition},
    booktitle = {Proceedings of the IEEE},
    year = {1998},
    pages = {2278--2324}
}

@inproceedings{cae,
author = {Guo, Xifeng and Liu, Xinwang and Zhu, En and Yin, Jianping},
year = {2017},
month = {10},
pages = {373-382},
title = {Deep Clustering with Convolutional Autoencoders},
isbn = {978-3-319-70095-3},
doi = {10.1007/978-3-319-70096-0_39}
}

@misc{nvidiadocker,
	title="{NVIDIA} {C}ontainer {T}oolkit",
	author={NVIDIA},
	howpublished={\url{https://github.com/NVIDIA/nvidia-docker}}
}

@misc{mlflowtracking,
	title="{ML}flow {T}racking",
	author={MLflow},
	howpublished={\url{https://www.mlflow.org/docs/latest/tracking.html#scenario-4-mlflow-with-remote-tracking-server-backend-and-artifact-stores}}
}

@misc{cudnn,
	title="NVIDIA cuDNN",
	author={NVIDIA},
	howpublished={\url{https://developer.nvidia.com/cudnn}}
}

@misc{dockerbestpractices,
    title="{B}est practices for writing {D}ockerfiles",
    author="Docker",
    howpublished={\url{https://docs.docker.com/develop/develop-images/dockerfile_best-practices}}
}

@misc{dockerbestpracticesdev,
    title="21 {B}est {P}ractises in 2021 for {D}ockerfile",
    author="chrisedrego",
    howpublished={\url{https://dev.to/chrisedrego/21-best-practise-in-2021-for-dockerfile-1dji}}
}
 
@incollection{patterson_gibson,
  author      = {Patterson, Josh and Gibson, Adam},
  title       = "Deep Learning",
  publisher   = {O'Reilly Media, Inc.},
  year        = 2017,
  chapter     = 2
}

@misc{continuous_delivery_deployment,
    title={What’s the Difference Between Continuous Integration, Continuous Deployment and Continuous Delivery?},
    author="Marko Anastasov",
    howpublished={\url{https://semaphoreci.com/blog/2017/07/27/what-is-the-difference-between-continuous-integration-continuous-deployment-and-continuous-delivery.html}}
}

@misc{kubernetes,
    title="Kubernetes",
    author="Cloud Native Computing Foundation",
    howpublished={\url{https://kubernetes.io/}}
}

@misc{nomad,
    title="Nomad",
    author="HashiCorp",
    howpublished={\url{https://www.nomadproject.io/}}
}

@misc{zeromq,
    title="{Z}ero {MQ}",
    author="The ZeroMQ project",
    howpublished={\url{https://zeromq.org/}}
}

@misc{rticonnector,
    title="{RTI} {C}onnector",
    author="Real-Time Innovations",
    howpublished={\url{https://community.rti.com/static/documentation/connector/1.1.0/api/python/index.html}}
}

@misc{ansible,
    title="Ansible",
    author="RedHat",
    howpublished={\url{https://www.ansible.com/}}
}

@misc{mlflowtrackingapi,
    title="mlflow.tracking Documentation",
    author="mlflow",
    howpublished={\url{https://www.mlflow.org/docs/latest/python_api/mlflow.tracking.html}}
}

@misc{grafana,
    title="Grafana: The open observability  platform",
    author="Grafana Labs",
    howpublished={\url{https://grafana.com/}}
}

@misc{logdna,
    title="logDNA",
    author="logDNA",
    howpublished={\url{https://www.logdna.com/}}
}

@misc{papertrail,
    title="Papertrail",
    author="Papertrail",
    howpublished={\url{https://www.papertrail.com/}}
}

@misc{kubeflow,
    title="Kubeflow",
    author="Kubeflow",
    howpublished={\url{https://www.kubeflow.org/}}
}

@misc{otri,
    title="{B}ases y normativa {OTRI} - {E}l portal web de la transferencia del conocimiento de la
{U}niversidad de {G}ranada",
    howpublished={\url{https://otri.ugr.es/contratacion_personal/cms/menu/normativa-y-bases/}},
    note = {[Accessed: 05.07.2021]}
}

@misc{zabbix,
    title="Zabbix :: {T}he {E}nterprise-{C}lass {O}pen {S}ource {N}etwork {M}onitoring {S}olution",
    howpublished={\url{https://www.zabbix.com/}}
}

@misc{hapnote,
    title="{HAP}-2021-003: {F}rom many tens of {G}e{V} to many tens
of {P}e{V}: a layout for {SWGO}",
    author={SWGO},
}
